@article{hu2022ci,
  title={CI\_GRU: An efficient DGA botnet classification model based on an attention recurrence plot},
  author={Wang, Han and Tang, Zhangguo and Li, Huanzhou and Zhang, Jian and Li, Shuangcheng and Wang, Junfeng},
  journal={Computer Networks},
  volume={235},
  pages={109992},
  year={2023},
  publisher={Elsevier}
}


@article{hu2022replacedga,
  title={Replacedga: Bilstm based adversarial dga with high anti-detection ability},
  author={Hu, Xiaoyan and Chen, Hao and Li, Miao and Cheng, Guang and Li, Ruidong and Wu, Hua and Yuan, Yali},
  journal={IEEE Transactions on Information Forensics and Security},
  year={2023},
  publisher={IEEE}
}

@inproceedings{tapsoba2024analysis,
  title={Analysis of Plaintext Features in DoH Traffic for DGA Domains Detection},
  author={Tapsoba, Abdou Romaric and Ou{\'e}draogo, Tounwendyam Fr{\'e}d{\'e}ric and Zongo, Wend-Benedo Simeon},
  booktitle={International Conference on Information Technology \& Systems},
  pages={127--138},
  year={2024},
  organization={Springer}
}


@article{harishkumar2025enhanced,
  title={Enhanced DGA detection in Botnet traffic: leveraging N-Gram, topic modeling, and attention BiLSTM},
  author={Harishkumar, S and Bhuvaneswaran, RS},
  journal={Peer-to-Peer Networking and Applications},
  volume={18},
  number={1},
  pages={1--20},
  year={2025},
  publisher={Springer}
}

@article{adamwplus,
  title={AdamW+: Machine Learning Framework to Detect Domain Generation Algorithms for Malware},
  author={Javed, Awais and Rashid, Imran and Tahir, Shahzaib and Saeed, Saqib and Almuhaideb, Abdullah M and Alissa, Khalid},
  journal={IEEE Access},
  year={2024},
  publisher={IEEE}
}


@article{tuan2022detecting,
  title={On detecting and classifying DGA botnets and their families},
  author={Tuan, Tong Anh and Long, Hoang Viet and Taniar, David},
  journal={Computers \& Security},
  volume={113},
  pages={102549},
  year={2022},
  publisher={Elsevier}
}

@inproceedings{dombert,
  title={Dom-BERT: Detecting Malicious Domains with Pre-training Model},
  author={Tian, Yu and Li, Zhenyu},
  booktitle={International Conference on Passive and Active Network Measurement},
  pages={133--158},
  year={2024},
  organization={Springer}
}



@inproceedings{catania2019analysis,
  title={Deep convolutional neural networks for DGA detection},
  author={Catania, Carlos and Garc{\'\i}a, Sebastian and Torres, Pablo},
  booktitle={Computer Science--CACIC 2018: 24th Argentine Congress, Tandil, Argentina, October 8--12, 2018, Revised Selected Papers 24},
  pages={327--340},
  year={2019},
  organization={Springer}
}


@article{brown2020language,
  title={Language models are few-shot learners},
  author={Brown, Tom and Mann, Benjamin and Ryder, Nick and Subbiah, Melanie and Kaplan, Jared D and Dhariwal, Prafulla and Neelakantan, Arvind and Shyam, Pranav and Sastry, Girish and Askell, Amanda and others},
  journal={Advances in neural information processing systems},
  volume={33},
  pages={1877--1901},
  year={2020}
}

@article{wei2022chain,
  title={Chain-of-thought prompting elicits reasoning in large language models},
  author={Wei, Jason and Wang, Xuezhi and Schuurmans, Dale and Bosma, Maarten and Xia, Fei and Chi, Ed and Le, Quoc V and Zhou, Denny and others},
  journal={Advances in neural information processing systems},
  volume={35},
  pages={24824--24837},
  year={2022}
}

@article{yao2022react,
  title={React: Synergizing reasoning and acting in language models},
  author={Yao, Shunyu and Zhao, Jeffrey and Yu, Dian and Du, Nan and Shafran, Izhak and Narasimhan, Karthik and Cao, Yuan},
  journal={arXiv preprint arXiv:2210.03629},
  year={2022}
}


@article{devlin2019bert,
  title={Bert: Pre-training of deep bidirectional transformers for language understanding},
  author={Devlin, Jacob and Chang, Ming-Wei and Lee, Kenton and Toutanova, Kristina},
  journal={arXiv preprint arXiv:1810.04805},
  year={2018}
}


@article{liu2019roberta,
  title={Roberta: A robustly optimized bert pretraining approach},
  author={Liu, Yinhan and Ott, Myle and Goyal, Naman and Du, Jingfei and Joshi, Mandar and Chen, Danqi and Levy, Omer and Lewis, Mike and Zettlemoyer, Luke and Stoyanov, Veselin},
  journal={arXiv preprint arXiv:1907.11692},
  year={2019}
}

@article{namgung2022efficient,
  title={Efficient deep learning models for DGA domain detection},
  author={Namgung, Juhong and Son, Siwoon and Moon, Yang-Sae},
  journal={Security and Communication Networks},
  volume={2021},
  number={1},
  pages={8887881},
  year={2021},
  publisher={Wiley Online Library}
}

@misc{ollama,
  author = {Ollama},
  title = {Ollama: An Open Source Package for Optimizing Language Models},
  year = {2023},
  note = {Available at: https://github.com/Ollama/ollama [Accessed: 2024-06-15]}
}

@misc{google_colab,
  author = {Google},
  title = {Google Colaboratory: A Cloud-Based Collaborative Notebook Environment},
  year = {2023},
  note = {Available at: https://colab.research.google.com [Accessed: 2024-06-15]}
}

@article{lora_arxiv,
  title={Lora: Low-rank adaptation of large language models},
  author={Hu, Edward J and Shen, Yelong and Wallis, Phillip and Allen-Zhu, Zeyuan and Li, Yuanzhi and Wang, Shean and Wang, Lu and Chen, Weizhu},
  journal={arXiv preprint arXiv:2106.09685},
  year={2021}
}

@misc{lora_github,
  author = {Microsoft},
  title = {LoRA: Low-Rank Adaptation of Large Language Models},
  year = {2021},
  note = {Available at: https://github.com/microsoft/LoRA [Accessed: 2024-06-15]}
}

@misc{bnb_github,
  author = {BitsAndBytes},
  title = {BitsAndBytes: Optimizers and Quantization for Large Models},
  year = {2022},
  note = {Available at: https://github.com/TimDettmers/bitsandbytes [Accessed: 2024-06-15]}
}

@misc{huggingface_sft,
  author = {Hugging Face},
  title = {SFTTrainer: Supervised Fine-tuning Trainer},
  year = {2023},
  note = {Available at: https://github.com/huggingface/trl [Accessed: 2024-06-15]}
}

@misc{wandb_sft,
  author = {Weights \& Biases},
  title = {How to Fine-tune an LLM Part 3: The HuggingFace Trainer},
  year = {2023},
  note = {Available at: https://wandb.ai/capecape/alpaca\_ft/reports/How-to-Fine-tune-an-LLM-Part-3-The-HuggingFace-Trainer--Vmlldzo5OTEyNjMy [Accessed: 2024-06-15]}
}

@article{zago2020umudga,
  title={UMUDGA: A dataset for profiling algorithmically generated domain names in botnet detection},
  author={Zago, Mattia and P{\'e}rez, Manuel Gil and P{\'e}rez, Gregorio Mart{\'\i}nez},
  journal={Data in Brief},
  volume={30},
  pages={105400},
  year={2020},
  publisher={Elsevier}
}


@misc{360netlab,
  author={360NetLab},
  title={360NetLab DGA Dataset},
  year={2023},
  url={https://data.netlab.360.com/},
  note={Accessed: 2024-07-04}
}

@misc{dga_repo,
  author={Bader, J.},
  title={Domain Generation Algorithms Repository},
  year={2024},
  url={https://github.com/baderj/domain\_generation\_algorithms},
  note={Accessed: 2024-07-04}
}

@misc{llama3_github,
  author       = {Meta},
  title        = {LLama3: Large Language Model by Meta},
  year         = 2024,
  url          = {https://github.com/meta-llama/llama3},
  note         = {Accessed: 2024-07-04}
}

@misc{llama3_huggingface,
  author       = {Meta},
  title        = {LLama3: Large Language Model by Meta},
  year         = 2024,
  url          = {https://huggingface.co/meta-llama/Meta-Llama-3-8B},
  note         = {Accessed: 2024-07-04}
}


@inproceedings{plohmann2016comprehensive,
  title={A comprehensive measurement study of domain generating malware},
  author={Plohmann, Daniel and Yakdan, Khaled and Klatt, Michael and Bader, Johannes and Gerhards-Padilla, Elmar},
  booktitle={25th USENIX Security Symposium (USENIX Security 16)},
  pages={263--278},
  year={2016}
}


@article{plohmann2015dgaarchive,
  title={DGAArchive--A deep dive into domain generating malware},
  author={Plohmann, Daniel},
  journal={Dec-2015},
  year={2015}
}


@misc{tranco,
  author       = {Peter Snyder and Cynthia Taylor and Chris Kanich},
  title        = {The 2020 Tranco List: Improving the Alexa Ranking},
  year         = 2020,
  howpublished = {\url{https://tranco-list.eu}},
  note         = {Accessed: 2024-07-05}
}

@inproceedings{yu2018character,
  title={Character level based detection of DGA domain names},
  author={Yu, Bin and Pan, Jie and Hu, Jiaming and Nascimento, Anderson and De Cock, Martine},
  booktitle={2018 international joint conference on neural networks (IJCNN)},
  pages={1--8},
  year={2018},
  organization={IEEE}
}


@article{woodbridge2016predicting,
  title={Predicting domain generation algorithms with long short-term memory networks},
  author={Woodbridge, Jonathan and Anderson, Hyrum S and Ahuja, Anjum and Grant, Daniel},
  journal={arXiv preprint arXiv:1611.00791},
  year={2016}
}

@inproceedings{zhou2019cnn,
  title={CNN-based DGA detection with high coverage},
  author={Zhou, Shaofang and Lin, Lanfen and Yuan, Junkun and Wang, Feng and Ling, Zhaoting and Cui, Jia},
  booktitle={2019 IEEE international conference on intelligence and security informatics (ISI)},
  pages={62--67},
  year={2019},
  organization={IEEE}
}


@article{vaswani2017attention,
  title={Attention is all you need},
  author={Vaswani, Ashish and Shazeer, Noam and Parmar, Niki and Uszkoreit, Jakob and Jones, Llion and Gomez, Aidan N and Kaiser, {\L}ukasz and Polosukhin, Illia},
  journal={Advances in neural information processing systems},
  volume={30},
  year={2017}
}

@misc{reypapin2024dga,
  author = {Reynier Leyva},
  title = {Domain-Name-Classification-with-LLM},
  year = {2024},
  publisher = {GitHub},
  journal = {GitHub repository},
  howpublished = {\url{https://github.com/reypapin/Domain-Name-Classification-with-LLM}}
}


@inproceedings{saeed2021survey,
  title={A survey of machine learning and deep learning based DGA detection techniques},
  author={Saeed, Amr MH and Wang, Danghui and Alnedhari, Hamas AM and Mei, Kuizhi and Wang, Jihe},
  booktitle={International Conference on Smart Computing and Communication},
  pages={133--143},
  year={2021},
  organization={Springer}
}

@inproceedings{li2019domain,
  title={Domain Generation Algorithms detection through deep neural network and ensemble},
  author={Li, Shuaiji and Huang, Tao and Qin, Zhiwei and Zhang, Fanfang and Chang, Yinhong},
  booktitle={Companion Proceedings of The 2019 World Wide Web Conference},
  pages={189--196},
  year={2019}
}

@article{hwang2020effective,
  title={Effective DGA-Domain detection and classification with TextCNN and additional features},
  author={Hwang, Chanwoong and Kim, Hyosik and Lee, Hooki and Lee, Taejin},
  journal={Electronics},
  volume={9},
  number={7},
  pages={1070},
  year={2020},
  publisher={MDPI}
}


@article{agarwal2024many,
  title={Many-shot in-context learning},
  author={Agarwal, Rishabh and Singh, Avi and Zhang, Lei M and Bohnet, Bernd and Chan, Stephanie and Anand, Ankesh and Abbas, Zaheer and Nova, Azade and Co-Reyes, John D and Chu, Eric and others},
  journal={arXiv preprint arXiv:2404.11018},
  year={2024}
}

@article{lu2021fantastically,
  title={Fantastically ordered prompts and where to find them: Overcoming few-shot prompt order sensitivity},
  author={Lu, Yao and Bartolo, Max and Moore, Alastair and Riedel, Sebastian and Stenetorp, Pontus},
  journal={arXiv preprint arXiv:2104.08786},
  year={2021}
}

@misc{huggingface_data_collator,
  author       = {{Hugging Face}},
  title        = {Data Collators},
  year         = {2024},
  url          = {https://huggingface.co/docs/transformers/main_classes/data_collator},
  note         = {Accessed: 2024-07-30}
}


@article{hossin2015review,
  title={A review on evaluation metrics for data classification evaluations},
  author={Hossin, Mohammad and Sulaiman, Md Nasir},
  journal={International journal of data mining \& knowledge management process},
  volume={5},
  number={2},
  pages={1},
  year={2015},
  publisher={Academy \& Industry Research Collaboration Center (AIRCC)}
}

@article{powers2020evaluation,
  title={Evaluation: from precision, recall and F-measure to ROC, informedness, markedness and correlation},
  author={Powers, David MW},
  journal={arXiv preprint arXiv:2010.16061},
  year={2020}
}

@article{huang2024good,
  title={How good are low-bit quantized llama3 models? an empirical study},
  author={Huang, Wei and Ma, Xudong and Qin, Haotong and Zheng, Xingyu and Lv, Chengtao and Chen, Hong and Luo, Jie and Qi, Xiaojuan and Liu, Xianglong and Magno, Michele},
  journal={arXiv preprint arXiv:2404.14047},
  year={2024}
}

@article{peck2019charbot,
  title={CharBot: A simple and effective method for evading DGA classifiers},
  author={Peck, Jonathan and Nie, Claire and Sivaguru, Raaghavi and Grumer, Charles and Olumofin, Femi and Yu, Bin and Nascimento, Anderson and De Cock, Martine},
  journal={IEEE Access},
  volume={7},
  pages={91759--91771},
  year={2019},
  publisher={IEEE}
}

@article{team2024gemma,
  title={Gemma 2: Improving Open Language Models at a Practical Size},
  author={Team, Gemma and Riviere, Morgane and Pathak, Shreya and Sessa, Pier Giuseppe and Hardin, Cassidy and Bhupatiraju, Surya and Hussenot, L{\'e}onard and Mesnard, Thomas and Shahriari, Bobak and Ram{\'e}, Alexandre and others},
  journal={arXiv preprint arXiv:2408.00118},
  year={2024}
}

@misc{openai2024,
  author       = {OpenAI},
  title        = {GPT-4o Mini: Advancing Cost-Efficient Intelligence},
  year         = {2024},
  url          = {https://openai.com/index/gpt-4o-mini-advancing-cost-efficient-intelligence/},
  note         = {Accessed: 2024-08-05}
}

@inproceedings{abts2022groq,
  title={The groq software-defined scale-out tensor streaming multiprocessor: From chips-to-systems architectural overview},
  author={Abts, Dennis and Kim, John and Kimmell, Garrin and Boyd, Matthew and Kang, Kris and Parmar, Sahil and Ling, Andrew and Bitar, Andrew and Ahmed, Ibrahim and Ross, Jonathan},
  booktitle={2022 IEEE Hot Chips 34 Symposium (HCS)},
  pages={1--69},
  year={2022},
  organization={IEEE Computer Society}
}

@article{moon2024lpu,
  title={LPU: A Latency-Optimized and Highly Scalable Processor for Large Language Model Inference},
  author={Moon, Seungjae and Kim, Jung-Hoon and Kim, Junsoo and Hong, Seongmin and Cha, Junseo and Kim, Minsu and Lim, Sukbin and Choi, Gyubin and Seo, Dongjin and Kim, Jongho and others},
  journal={IEEE Micro},
  year={2024},
  publisher={IEEE}
}

@article{magister2022teaching,
  title={Teaching small language models to reason},
  author={Magister, Lucie Charlotte and Mallinson, Jonathan and Adamek, Jakub and Malmi, Eric and Severyn, Aliaksei},
  journal={arXiv preprint arXiv:2212.08410},
  year={2022}
}

@article{dettmers2024qlora,
  title={Qlora: Efficient finetuning of quantized llms},
  author={Dettmers, Tim and Pagnoni, Artidoro and Holtzman, Ari and Zettlemoyer, Luke},
  journal={Advances in Neural Information Processing Systems},
  volume={36},
  year={2024}
}

@article{cebere2024down,
  title={Down to earth! Guidelines for DGA-based Malware Detection},
  author={Cebere, Bogdan and Flueren, Jonathan and Sebasti{\'a}n, Silvia and Plohmann, Daniel and Rossow, Christian},
  year={2024},
  publisher={CISPA}
}

@article{alsabeh2024dga,
  title={On DGA detection and classification using P4 programmable switches},
  author={AlSabeh, Ali and Friday, Kurt and Kfoury, Elie and Crichigno, Jorge and Bou-Harb, Elias},
  journal={Computers \& Security},
  pages={104007},
  year={2024},
  publisher={Elsevier}
}

@book{cochran1977sampling,
  title={Sampling Techniques},
  author={Cochran, William G.},
  year={1977},
  edition={3rd},
  publisher={John Wiley \& Sons},
  address={New York},
  isbn={978-0-471-16240-7}
}


@article{mahdaouy2024domurls_bert,
  title={DomURLs\_BERT: Pre-trained BERT-based Model for Malicious Domains and URLs Detection and Classification},
  author={Mahdaouy, Abdelkader El and Lamsiyah, Salima and Idrissi, Meryem Janati and Alami, Hamza and Yartaoui, Zakaria and Berrada, Ismail},
  journal={arXiv preprint arXiv:2409.09143},
  year={2024}
}

@article{lundberg2017unified,
  title={A unified approach to interpreting model predictions},
  author={Lundberg, Scott M and Lee, Su-In},
  journal={Advances in neural information processing systems},
  volume={30},
  year={2017}
}


@article{fan2024kdtm,
  title={KDTM: Multi-Stage Knowledge Distillation Transfer Model for Long-Tailed DGA Detection},
  author={Fan, Baoyu and Ma, Han and Liu, Yue and Yuan, Xiaochen and Ke, Wei},
  journal={Mathematics},
  volume={12},
  number={5},
  pages={626},
  year={2024},
  publisher={MDPI}
}



@article{chen2025hybrid,
  title={A hybrid DGA DefenseNet for detecting DGA domain names based on FastText and deep learning techniques},
  author={Chen, Jiann-Liang and Qiu, Jian-Fu and Chen, Yu-Hung},
  journal={Computers \& Security},
  volume={150},
  pages={104232},
  year={2025},
  publisher={Elsevier}
}

@article{zhang2025solution,
  title={A solution to cross-sensitivity-skeptics of traditional selectivity for MOS sensors under complex multi-component gases in transformer DGA},
  author={Zhang, Ze and Jia, Chen and Li, Tengfei and Zhang, Cheng and Li, Peng and Tian, Bing and Tian, Xin and Wang, Hairong and Tan, Zejie and Luo, Zongchang},
  journal={Sensors and Actuators B: Chemical},
  volume={424},
  pages={136914},
  year={2024},
  publisher={Elsevier}
}

@article{pan2025dga,
  title={A DGA Domain Name Detection Model Based on A Hybrid Deep Neural Network with Multi-dimensional Features},
  author={Pan, Rui and Wang, Yu and Wang, Zuchao},
  journal={IAENG International Journal of Computer Science},
  volume={52},
  number={1},
  year={2025}
}



@article{nadagoudar2024dga,
  title={DGA Domain Name Detection and Classification Using Deep Learning Models.},
  author={Nadagoudar, Ranjana B and Ramakrishna, M},
  journal={International Journal of Advanced Computer Science \& Applications},
  volume={15},
  number={7},
  year={2024}
}




@inproceedings{aravena2024more,
  title={More than Words is What you Need-Detecting DGA and Phishing Domains with Dom2Vec Word Embeddings},
  author={Aravena, Lucas Torrealba and Casas, Pedro and Bustos-Jim{\'e}nez, Javier and Findrik, Mislav},
  booktitle={2024 8th Network Traffic Measurement and Analysis Conference (TMA)},
  pages={1--4},
  year={2024},
  organization={IEEE}
}


@article{sayed2024fine,
  title={Fine-tuning Large Language Models for DGA and DNS Exfiltration Detection},
  author={Sayed, Md Abu and Rahman, Asif and Kiekintveld, Christopher and Garcia, Sebastian},
  journal={arXiv preprint arXiv:2410.21723},
  year={2024}
}


@inproceedings{gregorio2024deep,
  title={Deep Convolutional Neural Network and Character Level Embedding for DGA Detection},
  author={Greg{\'o}rio, J and Cansian, A and Neves, L and Salvadeo, D},
  booktitle={Proceedings of the 26th International Conference on Enterprise Information Systems},
  volume={2},
  pages={167--174},
  year={2024}
}

@article{senanayake2025madonna,
  title={MADONNA: Browser-based malicious domain detection using Optimized Neural Network by leveraging AI and feature analysis},
  author={Senanayake, Janaka and Rajapaksha, Sampath and Yanai, Naoto and Kalutarage, Harsha and Komiya, Chika},
  journal={Computers \& Security},
  pages={104371},
  year={2025},
  publisher={Elsevier}
}


@article{luo2024context,
  title={In-context learning with retrieved demonstrations for language models: A survey},
  author={Luo, Man and Xu, Xin and Liu, Yue and Pasupat, Panupong and Kazemi, Mehran},
  journal={arXiv preprint arXiv:2401.11624},
  year={2024}
}

@article{dong2022survey,
  title={A survey on in-context learning},
  author={Dong, Qingxiu and Li, Lei and Dai, Damai and Zheng, Ce and Ma, Jingyuan and Li, Rui and Xia, Heming and Xu, Jingjing and Wu, Zhiyong and Liu, Tianyu and others},
  journal={arXiv preprint arXiv:2301.00234},
  year={2022}
}



@misc{huggingface2024llama32,
  author       = "{Hugging Face}",
  title        = "{Llama 3.2 3B - Meta}",
  year         = {2024},
  url          = {https://huggingface.co/meta-llama/Llama-3.2-3B},
  note         = {Last accessed: April 9, 2025}
}




@article{patsakis2021exploiting,
  title={Exploiting statistical and structural features for the detection of domain generation algorithms},
  author={Patsakis, Constantinos and Casino, Fran},
  journal={Journal of Information Security and Applications},
  volume={58},
  pages={102725},
  year={2021},
  publisher={Elsevier}
}


@article{abdin2024phi,
  title={Phi-3 technical report: A highly capable language model locally on your phone},
  author={Abdin, Marah and Aneja, Jyoti and Awadalla, Hany and Awadallah, Ahmed and Awan, Ammar Ahmad and Bach, Nguyen and Bahree, Amit and Bakhtiari, Arash and Bao, Jianmin and Behl, Harkirat and others},
  journal={arXiv preprint arXiv:2404.14219},
  year={2024}
}
@misc{zhou2023largelanguagemodelshumanlevel,
      title={Large Language Models Are Human-Level Prompt Engineers}, 
      author={Yongchao Zhou and Andrei Ioan Muresanu and Ziwen Han and Keiran Paster and Silviu Pitis and Harris Chan and Jimmy Ba},
      year={2023},
      eprint={2211.01910},
      archivePrefix={arXiv},
      primaryClass={cs.LG},
      url={https://arxiv.org/abs/2211.01910}, 
}



@article{achiam2023gpt,
  title={Gpt-4 technical report},
  author={Achiam, Josh and Adler, Steven and Agarwal, Sandhini and Ahmad, Lama and Akkaya, Ilge and Aleman, Florencia Leoni and Almeida, Diogo and Altenschmidt, Janko and Altman, Sam and Anadkat, Shyamal and others},
  journal={arXiv preprint arXiv:2303.08774},
  year={2023}
}


@article{guidotti2018survey,
  title={A survey of methods for explaining black box models},
  author={Guidotti, Riccardo and Monreale, Anna and Ruggieri, Salvatore and Turini, Franco and Giannotti, Fosca and Pedreschi, Dino},
  journal={ACM computing surveys (CSUR)},
  volume={51},
  number={5},
  pages={1--42},
  year={2018},
  publisher={ACM New York, NY, USA}
}



@article{zhao2023survey,
  title={A survey of large language models},
  author={Zhao, Wayne Xin and Zhou, Kun and Li, Junyi and Tang, Tianyi and Wang, Xiaolei and Hou, Yupeng and Min, Yingqian and Zhang, Beichen and Zhang, Junjie and Dong, Zican and others},
  journal={arXiv preprint arXiv:2303.18223},
  volume={1},
  number={2},
  year={2023}
}



@article{touvron2023llama,
  title={Llama: Open and efficient foundation language models},
  author={Touvron, Hugo and Lavril, Thibaut and Izacard, Gautier and Martinet, Xavier and Lachaux, Marie-Anne and Lacroix, Timoth{\'e}e and Rozi{\`e}re, Baptiste and Goyal, Naman and Hambro, Eric and Azhar, Faisal and others},
  journal={arXiv preprint arXiv:2302.13971},
  year={2023}
}


@article{lewis2020retrieval,
  title={Retrieval-augmented generation for knowledge-intensive nlp tasks},
  author={Lewis, Patrick and Perez, Ethan and Piktus, Aleksandra and Petroni, Fabio and Karpukhin, Vladimir and Goyal, Naman and K{\"u}ttler, Heinrich and Lewis, Mike and Yih, Wen-tau and Rockt{\"a}schel, Tim and others},
  journal={Advances in neural information processing systems},
  volume={33},
  pages={9459--9474},
  year={2020}
}


@article{ashkboos2023quik,
  title={Quik: Towards end-to-end 4-bit inference on generative large language models},
  author={Ashkboos, Saleh and Markov, Ilia and Frantar, Elias and Zhong, Tingxuan and Wang, Xincheng and Ren, Jie and Hoefler, Torsten and Alistarh, Dan},
  journal={arXiv preprint arXiv:2310.09259},
  year={2023}
}

@article{zhang2023deep,
  title={Deep long-tailed learning: A survey},
  author={Zhang, Yifan and Kang, Bingyi and Hooi, Bryan and Yan, Shuicheng and Feng, Jiashi},
  journal={IEEE transactions on pattern analysis and machine intelligence},
  volume={45},
  number={9},
  pages={10795--10816},
  year={2023},
  publisher={IEEE}
}


@article{parnami2022learning,
  title={Learning from few examples: A summary of approaches to few-shot learning},
  author={Parnami, Archit and Lee, Minwoo},
  journal={arXiv preprint arXiv:2203.04291},
  year={2022}
}


@article{abouelenin2025phi,
  title={Phi-4-mini technical report: Compact yet powerful multimodal language models via mixture-of-loras},
  author={Abouelenin, Abdelrahman and Ashfaq, Atabak and Atkinson, Adam and Awadalla, Hany and Bach, Nguyen and Bao, Jianmin and Benhaim, Alon and Cai, Martin and Chaudhary, Vishrav and Chen, Congcong and others},
  journal={arXiv preprint arXiv:2503.01743},
  year={2025}
}


@online{qwen2025,
  author    = {Qwen Team},
  title     = {Qwen3-4B},
  year      = {2025},
  url       = {https://huggingface.co/Qwen/Qwen3-4B},
  note      = {Accessed: 2025-04-30},
  organization = {Hugging Face}
}



@online{gemma2025docs,
  author    = {Google DeepMind},
  title     = {Gemma's Documentation},
  year      = {2025},
  url       = {https://ai.google.dev/gemma/docs/core?hl=es-419},
  note      = {Accessed: 2025-04-30},
  organization = {Google AI}
}


@online{gemma3-4b-it,
  author    = {Google DeepMind},
  title     = {Gemma 3 4B IT},
  year      = {2025},
  url       = {https://huggingface.co/google/gemma-3-4b-it},
  note      = {Accessed: 2025-04-30},
  organization = {Hugging Face}
}

@article{ainslie2023gqa,
  title={Gqa: Training generalized multi-query transformer models from multi-head checkpoints},
  author={Ainslie, Joshua and Lee-Thorp, James and De Jong, Michiel and Zemlyanskiy, Yury and Lebr{\'o}n, Federico and Sanghai, Sumit},
  journal={arXiv preprint arXiv:2305.13245},
  year={2023}
}

@article{christiano2017deep,
  title={Deep reinforcement learning from human preferences},
  author={Christiano, Paul F and Leike, Jan and Brown, Tom and Martic, Miljan and Legg, Shane and Amodei, Dario},
  journal={Advances in neural information processing systems},
  volume={30},
  year={2017}
}

@article{Vu2021,
  title={A Novel Machine Learning-based Approach for Detecting Word-based DGA Botnets},
  author={Vu, Xuan Hanh and Hoang, Xuan Dau},
  journal={Journal of Theoretical and Applied Information Technology},
  year={2021}
}

@article{yang2019detecting,
  title={Detecting word-based algorithmically generated domains using semantic analysis},
  author={Yang, Luhui and Zhai, Jiangtao and Liu, Weiwei and Ji, Xiaopeng and Bai, Huiwen and Liu, Guangjie and Dai, Yuewei},
  journal={Symmetry},
  volume={11},
  number={2},
  pages={176},
  year={2019},
  publisher={MDPI}
}

@article{wang2021dictionary,
  title={A dictionary-based method for detecting machine-generated domains},
  author={Wang, Tianyu and Chen, Li-Chiou and Genc, Yegin},
  journal={Information Security Journal: A Global Perspective},
  volume={30},
  number={4},
  pages={205--218},
  year={2021},
  publisher={Taylor \& Francis}
}

@inproceedings{selvaraj2024worddga,
  title={WordDGA: Hybrid Knowledge-Based Word-Level Domain Names Against DGA Classifiers and Adversarial DGAs},
  author={Selvaraj, Sarojini and Panjanathan, Rukmani},
  booktitle={Informatics},
  volume={11},
  number={4},
  pages={92},
  year={2024},
  organization={MDPI AG}
}

@article{shazeer2017outrageously,
  title={Outrageously large neural networks: The sparsely-gated mixture-of-experts layer},
  author={Shazeer, Noam and Mirhoseini, Azalia and Maziarz, Krzysztof and Davis, Andy and Le, Quoc and Hinton, Geoffrey and Dean, Jeff},
  journal={arXiv preprint arXiv:1701.06538},
  year={2017}
}


@article{fedus2022switch,
  title={Switch transformers: Scaling to trillion parameter models with simple and efficient sparsity},
  author={Fedus, William and Zoph, Barret and Shazeer, Noam},
  journal={Journal of Machine Learning Research},
  volume={23},
  number={120},
  pages={1--39},
  year={2022}
}


@article{la2024llms,
  title={LLMs for Domain Generation Algorithm Detection},
  author={La O, Reynier Leyva and Catania, Carlos A and Parlanti, Tatiana},
  journal={arXiv preprint arXiv:2411.03307},
  year={2024}
}



@misc{gemma_docs_2024,
  author       = {Google DeepMind},
  title        = {Gemma Documentation},
  year         = {2024},
  howpublished = {\url{https://ai.google.dev/gemma/docs/core}},
  note         = {Accessed: 2025-06-05}
}



@misc{llama3_hf_2024,
  author       = {Meta AI},
  title        = {LLaMA 3.2 3B Instruct on Hugging Face},
  year         = {2024},
  howpublished = {\url{https://huggingface.co/meta-llama/Llama-3.2-3B-Instruct}},
  note         = {Accessed: 2025-06-05}
}


@misc{modernbert_hf_2024,
  author       = {Answer.AI},
  title        = {ModernBERT-base on Hugging Face},
  year         = {2024},
  howpublished = {\url{https://huggingface.co/answerdotai/ModernBERT-base}},
  note         = {Accessed: 2025-06-05}
}


@inproceedings{antonakakis2012throw,
  title={From $\{$Throw-Away$\}$ traffic to bots: Detecting the rise of $\{$DGA-Based$\}$ malware},
  author={Antonakakis, Manos and Perdisci, Roberto and Nadji, Yacin and Vasiloglou, Nikolaos and Abu-Nimeh, Saeed and Lee, Wenke and Dagon, David},
  booktitle={21st USENIX Security Symposium (USENIX Security 12)},
  pages={491--506},
  year={2012}
}